@ARTICLE {monster,
    author  = "Eric Young",
    title   = "Nonlinear Dynamics and Hodgkin-Huxley Equations",
    journal = "Models of the Neuron",
    year    = "2014"
}
@BOOK {keener,
    author    = "James Keener and James Sneyd",
    title     = "Mathematical Physiology",
    publisher = "Springer",
    year      = "2009"
}